<record><leader>00000cas a22000007a 4500</leader><controlfield tag="001">9875873</controlfield><controlfield tag="008">830902d18811888ksuwr ne      0    0eng d</controlfield><datafield ind1=" " ind2=" " tag="010"><subfield code="a">sn 83040690 </subfield></datafield><datafield ind1=" " ind2=" " tag="040"><subfield code="a">KSH</subfield><subfield code="b">eng</subfield><subfield code="c">KSH</subfield><subfield code="d">NPT</subfield><subfield code="d">OCLCQ</subfield></datafield><datafield ind1=" " ind2=" " tag="042"><subfield code="a">msc</subfield></datafield><datafield ind1=" " ind2=" " tag="043"><subfield code="a">n-us-ks</subfield></datafield><datafield ind1="0" ind2="0" tag="245"><subfield code="a">Strong City independent.</subfield></datafield><datafield ind1=" " ind2=" " tag="260"><subfield code="a">Strong City, Kan. :</subfield><subfield code="b">R.M. Watson,</subfield><subfield code="c">-1888.</subfield></datafield><datafield ind1=" " ind2=" " tag="300"><subfield code="a">v. ;</subfield><subfield code="c">58-63 cm.</subfield></datafield><datafield ind1=" " ind2=" " tag="310"><subfield code="a">Weekly</subfield></datafield><datafield ind1="0" ind2=" " tag="362"><subfield code="a">-v. 7, no. 24 (Jan. 13, 1888).</subfield></datafield><datafield ind1="1" ind2=" " tag="362"><subfield code="a">Began in 1881.</subfield><subfield code="z">Cf. Ayer, 1883.</subfield></datafield><datafield ind1=" " ind2=" " tag="500"><subfield code="a">Published on Saturday.</subfield></datafield><datafield ind1=" " ind2=" " tag="500"><subfield code="a">Editor: R.M. Watson.</subfield></datafield><datafield ind1=" " ind2=" " tag="530"><subfield code="a">Available on microfilm from Micro Photo.</subfield></datafield><datafield ind1=" " ind2=" " tag="588"><subfield code="a">Description based on: V. 1, no. 9 (Oct. 8, 1881).</subfield></datafield><datafield ind1=" " ind2=" " tag="752"><subfield code="a">United States</subfield><subfield code="b">Kansas</subfield><subfield code="c">Chase</subfield><subfield code="d">Strong City.</subfield></datafield><datafield ind1="0" ind2="7" tag="785"><subfield code="t">Chase County republican (Strong City, Kan. : 1887)</subfield><subfield code="w">(DLC)sn 83040691</subfield></datafield><datafield ind1="0" ind2="7" tag="785"><subfield code="t">Chase County republican and independent</subfield><subfield code="w">(DLC)sn 83040664</subfield></datafield></record>